%% This BibTeX bibliography file was created using BibDesk.
%% http://bibdesk.sourceforge.net/


%% Created for Marvin Rausand at 2011-06-16 13:34:49 +0200 


%% Saved with string encoding Western (Windows Latin 1) 

@book{moretti05,
  title={Graphs, maps, trees: abstract models for a literary history},
  author={Moretti, Franco},
  year={2005},
  publisher={Verso}
}

@book{moretti13,
	Author = {Moretti, Franco},
	Title = {Distant Reading},
	Publisher = {Konstanz University Press},
	Year = {2013}
}


@misc{barek17,
  title={A quantitative approach towards meaning with distributional semantic hypothesis},
  author={M`Barek, Sahar},
  year={2017}
}

@article{novavcek2014skimmr,
  title={SKIMMR: Facilitating knowledge discovery in life sciences by machine-aided skim reading},
  author={Nov{\'a}{\v{c}}ek, V{\'\i}t and Burns, Gully APC},
  journal={PeerJ},
  volume={2},
  pages={e483},
  year={2014},
  publisher={PeerJ Inc.}
}


@article{doi:10.1093/bioinformatics/btv557,
author = {Franz, Max and Lopes, Christian T. and Huck, Gerardo and Dong, Yue and Sumer, Onur and Bader, Gary D.},
title = {Cytoscape.js: a graph theory library for visualisation and analysis},
journal = {Bioinformatics},
volume = {32},
number = {2},
pages = {309},
year = {2016},
doi = {10.1093/bioinformatics/btv557},
URL = { + http://dx.doi.org/10.1093/bioinformatics/btv557},
eprint = {/oup/backfile/content_public/journal/bioinformatics/32/2/10.1093_bioinformatics_btv557/3/btv557.pdf}
}

@article{singhal2001modern,
  title={Modern Information Retrieval: A Brief Overview},
  author={Singhal, Amit},
  year={2001}
}

@inproceedings{rahutomo2012semantic,
  title={Semantic Cosine Similarity},
  author={Rahutomo, Faisal and Kitasuka, Teruaki and Aritsugi, Masayoshi},
  booktitle={The 7th International Student Conference on Advanced Science and Technology ICAST},
  year={2012}
}

@article{crockford2006application,
  title={The application/json media type for javascript object notation (json)},
  author={Crockford, Douglas},
  year={2006}
}

@misc{GutenbergBible,
  key={PGBible},
  title = {{Project Gutenberg, The King James Version of the Bible}},
  howpublished = {\url{https://www.gutenberg.org/ebooks/10}},
  note = {Accessed: 2017-08-23}
}

@misc{Cytoscapejs,
  key={Cyto},
  title = {{Cytoscape.js}},
  howpublished = {\url{http://js.cytoscape.org/}},
  note = {Accessed: 2017-08-28}
}


@article{church1990word,
  title={Word association norms, mutual information, and lexicography},
  author={Church, Kenneth Ward and Hanks, Patrick},
  journal={Computational linguistics},
  volume={16},
  number={1},
  pages={22--29},
  year={1990},
  publisher={MIT Press}
}

@article{bouma2009normalized,
  title={Normalized (pointwise) mutual information in collocation extraction},
  author={Bouma, Gerlof},
  journal={Proceedings of GSCL},
  pages={31--40},
  year={2009}
}

@inproceedings{van2011two,
  title={Two multivariate generalizations of pointwise mutual information},
  author={Van de Cruys, Tim},
  booktitle={Proceedings of the Workshop on Distributional Semantics and Compositionality},
  pages={16--20},
  year={2011},
  organization={Association for Computational Linguistics}
}

@inproceedings{islam2006second,
  title={Second order co-occurrence PMI for determining the semantic similarity of words},
  author={Islam, Aminul and Inkpen, Diana},
  booktitle={Proceedings of the International Conference on Language Resources and Evaluation},
  pages={1033--1038},
  year={2006}
}

@phdthesis{abney1987english,
  title={The English noun phrase in its sentential aspect},
  author={Abney, Steven P},
  year={1987},
  school={Massachusetts Institute of Technology}
}

@article{marcus1993building,
  title={Building a large annotated corpus of English: The Penn Treebank},
  author={Marcus, Mitchell P and Marcinkiewicz, Mary Ann and Santorini, Beatrice},
  journal={Computational linguistics},
  volume={19},
  number={2},
  pages={313--330},
  year={1993},
  publisher={MIT Press}
}


@misc{PennTreebank,
  key={Treebanktags},
  title = {{Penn Treebank tagset}},
  howpublished = {\url{https://www.ling.upenn.edu/courses/Fall\_2003/ling001/penn\_treebank\_pos.html}},
  note = {Accessed: 2017-10-02}
}


@article{recchia2009more,
  title={More data trumps smarter algorithms: Comparing pointwise mutual information with latent semantic analysis},
  author={Recchia, Gabriel and Jones, Michael N},
  journal={Behavior research methods},
  volume={41},
  number={3},
  pages={647--656},
  year={2009},
  publisher={Springer}
}

@book{landauer2006latent,
  title={Latent semantic analysis},
  author={Landauer, Thomas K},
  year={2006},
  publisher={Wiley Online Library}
}

@article{zadeh1965fuzzy,
  title={Fuzzy sets},
  author={Zadeh, Lotfi A},
  journal={Information and control},
  volume={8},
  number={3},
  pages={338--353},
  year={1965},
  publisher={Elsevier}
}

@book{algee2016canon,
  title={Canon/archive: large-scale dynamics in the literary field},
  author={Algee-Hewitt, Mark and Allison, Sarah Danielle and Gemma, Marissa and Heuser, Ryan and Moretti, Franco and Walser, Hannah},
  year={2016},
  publisher={Literary Lab}
}

@misc{moretti2017patterns,
  title = {{Patterns and Interpretation}},
  author={Franco Moretti, Stanford Literary Lab, Pamphlet 15},
  howpublished = {\url{https://litlab.stanford.edu/LiteraryLabPamphlet15.pdf}},
  note = {Accessed: 2017-10-07}
}

@misc{moretti2011network,
  title = {{Network Theory, Plot Analysis}},
  author={Franco Moretti, Stanford Literary Lab, Pamphlet 2},
  howpublished = {\url{https://litlab.stanford.edu/LiteraryLabPamphlet2.pdf}},
  note = {Accessed: 2017-10-07}
}

@book{bird2009natural,
  title={Natural language processing with Python: analyzing text with the natural language toolkit},
  author={Bird, Steven and Klein, Ewan and Loper, Edward},
  year={2009},
  publisher={" O'Reilly Media, Inc."}
}